@article{C09,
  title =  {Arbitrary decompositions into open and closed trails},
  author = {Cichacz, S. and Egawa Y. and Wo\'{z}niak M.},
  journal = {Discrete Mathematics},
  volume = {309},
  number = {6},
  pages = {1511--1516},
  year = {2009},
}
@article{S03,
  title = {Decomposition of the complete graph plus a 1-factor into cycles of equal length},
  author = {\v{S}ajna, M.},
  journal = {Journal of Combinatorial Designs},
  volume = {11},
  number = {3},
  pages = {170--207},
  year = {2003},
}
@article{S02b,
  title = {On decomposing {$K_n-I$} into cycles of a fixed odd length},
  author = {\v{S}ajna, M.},
  journal = {Discrete Mathematics},
  volume = {244},
  number = {1-3},
  year = {2002},
  pages = {435--444},
}
@article{S02a,
  title = {Cycle decompositions {III}: Complete graphs and fixed length cycles},
  author = {\v{S}ajna, M.},
  journal = {Journal of Combinatorial Designs},
  volume = {10},
  number = {1},
  pages = {27--78},
  year = {2002},
}
@article{B01,
  title = {Packing Circuits into {$K_N$}},
  author = {Balister, P.},
  journal = {Combinatorics, Probability and Computing},
  volume = {10},
  number = {6},
  year = {2001},
  pages = {463--499},
} 
@article{A01,
  title = {Cycle Decompositions of {$K_n$ and $K_n-I$}},
  author = {Brian Alspach, B. and Gavlas, H.},
  journal = {Journal of Combinatorial Theory},
  volume = {81},
  number = {1},
  pages = {77--99},
  year = {2001},
}
@article{H89,
  title = {On the construction of odd cycle systems},
  author = {Hoffman, D. G. and Lindner, C. C. and Rodger, C. A.},
  journal = {Journal of Graph Theory},
  volume = {13},
  number = {4},
  pages = {417--426},
  year = {1989},
}
@article{B82,
  title = {Decomposition of a complete graph into trails of given lengths},
  author = {Bouchet, A. and Lopez-Bracho, R.},
  journal = {Discrete Mathematics},
  volume = {42},
  number = {2-3},
  pages = {145--152},
  year = {1982},
}
@article{AL08,
  title = {N-Sun Decomposition of Complete, Complete Bipartite and Some Harary Graphs},
  author = {Anitha, R. and Lekshmi, R. S.},
  journal = {International Journal of Mathematics Sciences},
  volume = {2},
  number = {1},
  pages = {33--38},
  year = {2008},
}
@incollection{K11,
   author = {Kov\'{a}\v{r}, P.},
   title = {Decompositions and Factorizations of Complete Graphs},
   booktitle = {Structural Analysis of Complex Networks},
   editor = {Dehmer, M.},
   publisher = {Birkh√§user Boston},
   pages = {169--196},
   year = {2011}
}
@article{F04,
  author =  {Fron{\v{c}}ek, D.},
  title = {Cyclic decompositions of complete graphs into spanning trees},
  journal = {Discussiones Mathematicae. Graph Theory},
  volume = {24},
  number = {2},
  year = {2004},
  pages = {345 -- 353}
} 
@article{F02,
  title = {Factorizations of complete graphs into spanning trees},
  author = {Fron\v{c}ek, D. and Kubesa, M.},
  journal = {Congressus Numerantium},
  volume = {154},
  pages = {125--134},
  year = {2002},
}
@mastersthesis{E97,
  author = {Eldergill, P.},
  title = {Decompositions of the complete graph with an even number of vertices},
  year = {1997},
  school = {McMaster University, Hamilton},
}
@article{E09,
  author = {El-Zanati, S. and Eynden, C.},
  title = {On Rosa-type labelings and cyclic graph decompositions},
  journal = {Mathematica Slovaca},
  publisher = {Springer},
  pages = {1-18},
  volume = {59},
  number = {1},
  year = {2009}
}
